<record><leader>00000cas a2200000 a 4500</leader><controlfield tag="001">11682912</controlfield><controlfield tag="008">850211d19051943caudn ne      0    0eng c</controlfield><datafield ind1=" " ind2=" " tag="010"><subfield code="a">sn 85040224 </subfield></datafield><datafield ind1=" " ind2=" " tag="040"><subfield code="a">NPV</subfield><subfield code="b">eng</subfield><subfield code="c">NPV</subfield><subfield code="d">PPM</subfield><subfield code="d">DLC</subfield><subfield code="d">MGN</subfield><subfield code="d">CNK</subfield><subfield code="d">OCLCQ</subfield><subfield code="d">CNK</subfield><subfield code="d">OCLCQ</subfield><subfield code="d">OCLCF</subfield><subfield code="d">OCLCO</subfield></datafield><datafield ind1="1" ind2=" " tag="029"><subfield code="a">AU@</subfield><subfield code="b">000020368650</subfield></datafield><datafield ind1=" " ind2=" " tag="042"><subfield code="a">pcc</subfield></datafield><datafield ind1=" " ind2=" " tag="043"><subfield code="a">n-us-ca</subfield></datafield><datafield ind1="0" ind2="0" tag="050"><subfield code="a">Newspaper 7132</subfield></datafield><datafield ind1="0" ind2="4" tag="245"><subfield code="a">The Daily Palo Alto times.</subfield></datafield><datafield ind1="1" ind2="3" tag="246"><subfield code="a">Palo Alto times</subfield></datafield><datafield ind1=" " ind2=" " tag="260"><subfield code="a">Palo Alto, Calif. :</subfield><subfield code="b">Times Pub. Co.</subfield></datafield><datafield ind1=" " ind2=" " tag="300"><subfield code="a">v. :</subfield><subfield code="b">ill. ;</subfield><subfield code="c">58 cm.</subfield></datafield><datafield ind1=" " ind2=" " tag="310"><subfield code="a">Daily (except Sun.)</subfield></datafield><datafield ind1="1" ind2=" " tag="362"><subfield code="a">Began in 1905.</subfield></datafield><datafield ind1="0" ind2=" " tag="362"><subfield code="a">-51st year, no. 132 (June 3, 1943).</subfield></datafield><datafield ind1=" " ind2=" " tag="500"><subfield code="a">The word "daily" is superimposed inside the word "Alto" in the masthead title, Jan. 31, 1925-June 3, 1943.</subfield></datafield><datafield ind1=" " ind2=" " tag="500"><subfield code="a">Special issue: "Fiftieth anniversary of Stanford University number of the Daily Palo Alto Times," Mar. 7, 1941.</subfield></datafield><datafield ind1=" " ind2=" " tag="500"><subfield code="a">Editor: E.V. Cogswell.</subfield></datafield><datafield ind1=" " ind2=" " tag="515"><subfield code="a">Numbering is irregular.</subfield></datafield><datafield ind1=" " ind2=" " tag="530"><subfield code="a">Master negatives are available for duplication from:</subfield><subfield code="b">California Newspaper Microfilm Archive;</subfield><subfield code="c">positive copies may be purchased by the reel; for further information consult the CNMA at:</subfield><subfield code="u">http://cbsr.ucr.edu</subfield></datafield><datafield ind1=" " ind2=" " tag="588"><subfield code="a">Description based on: Vol. 26, new ser. no. 3 (Dec. 4, 1905).</subfield></datafield><datafield ind1=" " ind2="0" tag="651"><subfield code="a">Palo Alto (Calif.)</subfield><subfield code="v">Newspapers.</subfield></datafield><datafield ind1=" " ind2="7" tag="655"><subfield code="a">Newspapers.</subfield><subfield code="2">fast</subfield><subfield code="0">(OCoLC)fst01423814</subfield></datafield><datafield ind1=" " ind2="7" tag="651"><subfield code="a">California</subfield><subfield code="z">Palo Alto.</subfield><subfield code="2">fast</subfield><subfield code="0">(OCoLC)fst01212098</subfield></datafield><datafield ind1=" " ind2=" " tag="752"><subfield code="a">United States</subfield><subfield code="b">California</subfield><subfield code="c">Santa Clara</subfield><subfield code="d">Palo Alto.</subfield></datafield><datafield ind1="0" ind2=" " tag="772"><subfield code="t">Redwood City tribune (Redwood City, Calif. : 1923)</subfield><subfield code="w">(DLC)sn 93053101</subfield></datafield><datafield ind1="0" ind2=" " tag="772"><subfield code="t">Redwood City tribune and Redwood City standard</subfield><subfield code="w">(DLC)sn 93053102</subfield></datafield><datafield ind1="0" ind2=" " tag="772"><subfield code="t">Redwood City tribune (Redwood City, Calif. : 1934)</subfield><subfield code="w">(DLC)sn 91066480</subfield></datafield><datafield ind1="0" ind2="0" tag="780"><subfield code="t">Palo Alto times (Palo Alto, Calif. : 1899)</subfield><subfield code="w">(DLC)sn 93053098</subfield></datafield><datafield ind1="0" ind2="5" tag="780"><subfield code="t">Palo Alto news mid-Peninsula news Peninsula mirror</subfield><subfield code="w">(DLC)sn 93053097</subfield></datafield><datafield ind1="0" ind2="0" tag="785"><subfield code="t">Daily Palo Alto times and Palo Alto news and Palo Alto shopping review</subfield><subfield code="w">(DLC)sn 93053099</subfield></datafield></record>